@ONLINE{Buckwalter06,
author = {Bjorn Buckwalter},
title = {Dimensional -- Statically checked physical dimensions},
month = dec,
year = {2006},
url = {http://www.haskell.org/pipermail/haskell/2006-December/018993.html},
note = "[Online; accessed 14-February-2013]"
}

@ONLINE{Schabel10,
author = {Matthias Christian Schabel and Steven Watanabe},
title = {Boost.Units 1.1.0},
year = {2010},
url = {http://www.boost.org/doc/libs/1_53_0/doc/html/boost_units.html},
note = "[Online; accessed 14-February-2013]"
}


@ONLINE{Kennedy08:1,
author = {Andrew Kennedy},
title = {Units of Measure in F\#: Part 1, Introducing Units},
year = {2008},
month = aug,
url = {http://blogs.msdn.com/b/andrewkennedy/archive/2008/08/29/units-of-measure-in-f-part-one-introducing-units.aspx},
note = "[Online; accessed 14-February-2013]"
}
@ONLINE{Kennedy08:2,
author = {Andrew Kennedy},
title = {Units of Measure in F\#: Part 2, Unit Conversions},
year = {2008},
month = sep,
url = {http://blogs.msdn.com/andrewkennedy/archive/2008/09/02/units-of-measure-in-f-part-two-unit-conversions.aspx},
note = "[Online; accessed 14-February-2013]"
}
@ONLINE{Kennedy08:3,
author = {Andrew Kennedy},
title = {Units of Measure in F\#: Part 3, Generic Units},
year = {2008},
month = sep,
url = {http://blogs.msdn.com/b/andrewkennedy/archive/2008/09/04/units-of-measure-in-f-part-three-generic-units.aspx},
note = "[Online; accessed 14-February-2013]"
}
@ONLINE{Kennedy08:4,
author = {Andrew Kennedy},
title = {Units of Measure in F\#: Part 4, Parameterized Types},
year = {2009},
month = jun,
url = {http://blogs.msdn.com/andrewkennedy/archive/2009/06/09/units-of-measure-in-f_2300_-part-four-parameterized-types.aspx},
note = "[Online; accessed 14-February-2013]"
}


@ONLINE{Dautelle11,
author = {Jean-Marie Dautelle},
title = {JScience 4.3.1},
year = {2011},
month = oct,
url = {http://www.jscience.org/api/overview-summary.html},
note = "[Online; accessed 14-February-2013]"
}


@ONLINE{Donohue12,
author = {Aran Donohue},
title = {units 0.05},
year = {2012},
month = oct,
url = {http://pypi.python.org/pypi/units/},
note = "[Online; accessed 14-February-2013]"
}




@ONLINE{Hans12,
author = {Hans H{\"a}ggstr{\"o}m},
title = {ScalaQuantity},
year = {2012},
month = apr,
url = {https://github.com/zzorn/ScalaQuantity},
note = "[Online; accessed 14-February-2013]"
}

@ONLINE{Nygard09,
author = {Michael Nygard},
title = {Units of Measure in Scala},
year = {2009},
month = may,
url = {http://www.michaelnygard.com/blog/2009/05/units_of_measure_in_scala.html},
note = "[Online; accessed 14-February-2013]"
}

@ONLINE{McBeath08,
author = {Jim McBeath},
title = {Practical Church Numerals in Scala},
year = {2008},
month = nov,
url = {http://jim-mcbeath.blogspot.co.at/2008/11/practical-church-numerals-in-scala.html#units},
note = "[Online; accessed 14-February-2013]"
}



@ONLINE{Units13,
author = {JScience},
title = {The Units of Measurement API for Java},
year = {2013},
month = feb,
url = {http://www.unitsofmeasurement.org/},
note = "[Online; accessed 15-February-2013]"
}



@ONLINE{Eugene13,
author = {Eugene Burmako},
title = {Def Macros},
year = {2013},
month = feb,
url = {http://docs.scala-lang.org/overviews/macros/overview.html},
note = "[Online; accessed 10-March-2013]"
}




@ONLINE{Spiewak09,
author = {Daniel Spiewak},
title = {The Magic Behind Parser Combinators},
year = {2009},
month = mar,
url = {http://www.codecommit.com/blog/scala/the-magic-behind-parser-combinators},
note = "[Online; accessed 10-March-2013]"
}




@techreport{Nasa99,
author = {D. Isbell and D. Savage},
organization = {NASA},
year = {1999},
month = nov,
title = {Mars Climate Orbiter Mishap Investigation Board Phase I Report}
}

@article{Witkin83,
author = {Witkin, Richard},
year = {1983},
month = jul,
title = {Jet's Fuel Ran Out After Metric Conversion Errors},
journal = {New York Times}
}


// extension to Pascal and Fortran, "UNITS" attribute
@article{Gehani1977,
title = "Units of measure as a data attribute",
journal = "Computer Languages",
volume = "2",
number = "3",
pages = "93 - 111",
year = "1977",
note = "",
issn = "0096-0551",
doi = "10.1016/0096-0551(77)90010-8",
url = "http://www.sciencedirect.com/science/article/pii/0096055177900108",
author = "Narain Gehani",
keywords = "Units of measure",
keywords = "Dimensional analysis",
keywords = "Error detection",
keywords = "Data attribute",
keywords = "Error correction"
}


// in C, unit information only in comments, checked by static analysis
@article{Hills2012,
title = "A Rewriting Logic Approach to Static Checking of Units of Measurement in C",
journal = "Electronic Notes in Theoretical Computer Science",
volume = "290",
number = "0",
pages = "51 - 67",
year = "2012",
note = "Ninth International Workshop on Rule-Based Programming (Rule 2008)",
issn = "1571-0661",
doi = "10.1016/j.entcs.2012.11.011",
url = "http://www.sciencedirect.com/science/article/pii/S1571066112000813",
author = "Mark Hills and Feng Chen and Grigore Royau",
keywords = "Unit safety",
keywords = "rewriting logic",
keywords = "abstract semantics",
keywords = "static analysis"
}


@article{Allen04,
 author = {Allen, Eric and Chase, David and Luchangco, Victor and Maessen, Jan-Willem and Steele,Jr., Guy L.},
 title = {Object-oriented units of measurement},
 journal = {SIGPLAN Not.},
 issue_date = {October 2004},
 volume = {39},
 number = {10},
 month = oct,
 year = {2004},
 issn = {0362-1340},
 pages = {384--403},
 numpages = {20},
 url = {http://doi.acm.org/10.1145/1035292.1029008},
 doi = {10.1145/1035292.1029008},
 acmid = {1029008},
 publisher = {ACM},
 address = {New York, NY, USA},
}
